@Manual{NBR1465301,
  Address = {Rio de Janeiro},
  Author = {ABNT},
  Month = {27 jun.},
  Org-Short = {ABNT},
  Organization = {Associacao Brasileira de Normas Tecnicas},
  Pages = {19},
  Subtitle = {Avaliacao de Bens -- Parte 1: Procedimentos Gerais},
  Title = {{NBR} 14653-1},
  Year = {2019}
}
@Manual{NBR1465302,
  Address = {Rio de Janeiro},
  Author = {ABNT},
  Month = {fev.},
  Org-Short = {ABNT},
  Organization = {Associacao Brasileira de Normas Tecnicas},
  Pages = {51},
  Subtitle = {Avaliacao de Bens -- Parte 2: Imoveis Urbanos},
  Title = {{NBR} 14653-2},
  Year = {2011}
}